@BOOK{DUMMY:1,
AUTHOR="John Doe",
TITLE="The Book without Title",
PUBLISHER="Dummy Publisher",
YEAR="2100",
}

@article{davis2010black,
  title={Black--Scholes Formula},
  author={Davis, Mark HA},
  journal={Encyclopedia of Quantitative Finance},
  pages={199--207},
  year={2010},
  publisher={Chichester: Wiley}
}

@article{Yu2013OnDO,
  title={On derivations of black-scholes Greek letters},
  author={Yu, Xisheng and Xie, Xiaoke},
  journal={Research Journal of Finance and Accounting},
  volume={4},
  number={6},
  pages={80--85},
  year={2013}
}